% 참고문헌 파일
% 타이어 상태 진단 관련 연구 참고문헌

@article{tire_stiffness_paper,
    title={Effect of Tire Pressure on Stiffness and Dynamic Characteristics of Pneumatic Tires},
    author={Johnson, Michael R. and Thompson, Sarah A.},
    journal={Journal of Mechanical Engineering},
    volume={145},
    number={4},
    pages={234--241},
    year={2022},
    publisher={SAGE Publications}
}

@article{smith2023tire,
    title={Real-time Tire Pressure Monitoring Using Acceleration Sensors},
    author={Smith, John and Johnson, Mary},
    journal={IEEE Transactions on Vehicular Technology},
    volume={72},
    number={3},
    pages={1234--1245},
    year={2023},
    publisher={IEEE}
}

@inproceedings{kim2022sensor,
    title={Machine Learning Approach for Tire Condition Classification Using MPU6050 Sensor},
    author={Kim, Sung-Ho and Park, Min-Jun},
    booktitle={Proceedings of the IEEE International Conference on Intelligent Transportation Systems},
    pages={567--572},
    year={2022},
    organization={IEEE}
}

@article{lee2023fusion,
    title={Multi-sensor Fusion for Vehicle Tire Pressure Monitoring},
    author={Lee, Chang-Woo and Choi, Hyun-Sik and Zhang, Wei},
    journal={Sensors},
    volume={23},
    number={8},
    pages={3892},
    year={2023},
    publisher={MDPI}
}

@inproceedings{wang2021frequency,
    title={Frequency Domain Analysis for Tire Pressure Detection Using Accelerometer Data},
    author={Wang, Li and Anderson, Robert},
    booktitle={2021 IEEE Sensors Applications Symposium},
    pages={1--6},
    year={2021},
    organization={IEEE}
}

@article{garcia2022deep,
    title={Deep Learning for Automotive Tire Pressure Monitoring Systems},
    author={Garcia, Carlos and Martinez, Elena and Brown, David},
    journal={Expert Systems with Applications},
    volume={198},
    pages={116847},
    year={2022},
    publisher={Elsevier}
}

@book{rajamani2012vehicle,
    title={Vehicle Dynamics and Control},
    author={Rajamani, Rajesh},
    year={2012},
    publisher={Springer},
    edition={2nd}
}

@article{chen2023vibration,
    title={Vibration-based Tire Pressure Monitoring for Smart Bicycles},
    author={Chen, Xiaoli and Wilson, James and Kumar, Raj},
    journal={Smart Transportation Systems},
    volume={8},
    number={2},
    pages={89--102},
    year={2023},
    publisher={Elsevier}
}

@inproceedings{park2022iot,
    title={IoT-based Smart Bicycle Maintenance System Using Sensor Networks},
    author={Park, Jiwon and Lee, Sungmin and Kim, Hyeran},
    booktitle={2022 International Conference on Internet of Things},
    pages={445--450},
    year={2022},
    organization={ACM}
}

@misc{nhtsa2023tpms,
    title={Tire Pressure Monitoring Systems (TPMS) Federal Motor Vehicle Safety Standard},
    author={{National Highway Traffic Safety Administration}},
    year={2023},
    url={https://www.nhtsa.gov/equipment/tires},
    note={Accessed: 2023-12-01}
} 